<?xml version="1.0" encoding="UTF-8"?><collection xmlns="http://www.loc.gov/MARC21/slim"><record><leader>00524nam--2200193-u-4500</leader><controlfield tag="001">000051986</controlfield><controlfield tag="002">20161230</controlfield><controlfield tag="005">20161230201049</controlfield><controlfield tag="008">090526s1000------------r-----000-0-eng-d</controlfield><datafield ind1=" " ind2=" " tag="020"><subfield code="a">0486446050</subfield></datafield><datafield ind1=" " ind2=" " tag="040"><subfield code="a">IFIN-HH</subfield></datafield><datafield ind1="1" ind2=" " tag="100"><subfield code="a">Hornunug, Hans G</subfield></datafield><datafield ind1="1" ind2="0" tag="245"><subfield code="a">Dimensional Analysis. Exemples of the Use of Symetry</subfield><subfield code="c">Hans G. Hornung</subfield></datafield><datafield ind1=" " ind2=" " tag="260"><subfield code="a">Mineola</subfield><subfield code="b">Dover Publications</subfield><subfield code="c">2006</subfield></datafield><datafield ind1=" " ind2=" " tag="300"><subfield code="a">67 p</subfield></datafield><datafield ind1=" " ind2="4" tag="650"><subfield code="a">Dimensional Analysis</subfield></datafield><datafield ind1="1" ind2=" " tag="700"><subfield code="a">Hans G. Hornung</subfield></datafield><datafield ind1=" " ind2=" " tag="852"><subfield code="a">82218</subfield><subfield code="c">517</subfield></datafield><datafield ind1=" " ind2=" " tag="CAT"><subfield code="a">Sys</subfield><subfield code="c">20090619</subfield><subfield code="h">084940</subfield></datafield></record></collection>